% This file was created with JabRef 2.7b.
% Encoding: UTF-8

@BOOK{CELKO2005,
  title = {SQL FOR SMARTIES: ADVANCED SQL PROGRAMMING THIRD EDITION},
  publisher = {Morgan Kaufmann},
  year = {2005},
  author = {JOE CELKO},
  owner = {pedro},
  timestamp = {2013.03.10}
}

@BOOK{Group2013,
  title = {PostgreSQL 9.2.3 Documentation},
  publisher = {PostgreSQL 9.2.3 Documentation},
  year = {2013},
  author = {The PostgreSQL Global Development Group},
  owner = {pedro},
  timestamp = {2013.02.21}
}

@BOOK{Obe2012,
  title = {PostgreSQL: Up and Running},
  publisher = {O’Reilly},
  year = {2012},
  author = {Regina Obe and Leo Hsu},
  owner = {pedro},
  timestamp = {2013.02.19}
}

@CONFERENCE{Quinones,
  author = {Ernesto Quiñones},
  title = {PostgreSQL Como funciona una Base de Datos por dentro},
  owner = {pedro},
  timestamp = {2013.03.04}
}

@BOOK{GregorySmith2010,
  title = {PostgreSQL 9.0 High Performance},
  publisher = {Packt Publishing},
  year = {2010},
  author = {Gregory Smith},
  address = {Birmingham – UK.},
  owner = {pedro},
  timestamp = {2013.02.19}
}

@comment{jabref-meta: selector_publisher:}

@comment{jabref-meta: selector_author:}

@comment{jabref-meta: selector_journal:}

@comment{jabref-meta: selector_keywords:}

